 @misc{jonk, 
 url={https://electronics.stackexchange.com/questions/619723/im-trying-to-simulate-an-audio-amplifier-circuit-but-i-couldnt-find-how-to-add}, 
 author={Jonk}} 